<record><leader>00000cas a22000007a 4500</leader><controlfield tag="001">10541675</controlfield><controlfield tag="008">840320d17921796njuwr ne      0    0eng d</controlfield><controlfield tag="009">3781</controlfield><datafield ind1=" " ind2=" " tag="010"><subfield code="a">sn 84026651 </subfield></datafield><datafield ind1=" " ind2=" " tag="040"><subfield code="a">NPU</subfield><subfield code="b">eng</subfield><subfield code="c">NPU</subfield><subfield code="d">DLC</subfield><subfield code="d">NPX</subfield><subfield code="d">NPA</subfield><subfield code="d">NJW</subfield><subfield code="d">MGN</subfield><subfield code="d">OCLCG</subfield><subfield code="d">KRTAS</subfield></datafield><datafield ind1="1" ind2=" " tag="029"><subfield code="a">AU@</subfield><subfield code="b">000025785598</subfield></datafield><datafield ind1=" " ind2=" " tag="042"><subfield code="a">msc</subfield></datafield><datafield ind1="0" ind2="0" tag="050"><subfield code="a">Newspaper</subfield></datafield><datafield ind1="0" ind2=" " tag="130"><subfield code="a">New-Jersey State gazette (Trenton, N.J. : 1792)</subfield></datafield><datafield ind1="0" ind2="0" tag="245"><subfield code="a">New-Jersey State gazette.</subfield></datafield><datafield ind1="0" ind2="0" tag="246"><subfield code="a">New Jersey State gazette</subfield></datafield><datafield ind1=" " ind2=" " tag="260"><subfield code="a">Trenton, N.J. :</subfield><subfield code="b">Printed by Matthias Day and Co.,</subfield><subfield code="c">1972-1796.</subfield></datafield><datafield ind1=" " ind2=" " tag="300"><subfield code="a">v.</subfield></datafield><datafield ind1=" " ind2=" " tag="310"><subfield code="a">Weekly</subfield></datafield><datafield ind1="0" ind2=" " tag="362"><subfield code="a">Vol. 1, no. 1 (Sept. 12, 1792)-v. 4, no. 44 (July 5, 1796).</subfield></datafield><datafield ind1=" " ind2=" " tag="500"><subfield code="a">Imprint varies: Printed by Matthias Day and Co., 1792-1793; Printed by Day and Hopkins, 1793-1794; Printed by Matthias Day, 1794-1796.</subfield></datafield><datafield ind1=" " ind2=" " tag="500"><subfield code="a">Editors: Matthias Day, &lt;1793-1794&gt;; George F. Hopkins, &lt;1793-1794&gt;.</subfield></datafield><datafield ind1="1" ind2=" " tag="700"><subfield code="a">Day, Matthias,</subfield><subfield code="d">1766-1844.</subfield></datafield><datafield ind1="1" ind2=" " tag="700"><subfield code="a">Hopkins, George F.</subfield><subfield code="q">(George Folliet),</subfield><subfield code="d">1769-1848.</subfield></datafield><datafield ind1=" " ind2=" " tag="752"><subfield code="a">United States</subfield><subfield code="b">New Jersey</subfield><subfield code="c">Mercer</subfield><subfield code="d">Trenton.</subfield></datafield><datafield ind1="0" ind2="0" tag="785"><subfield code="t">State gazette, &amp; New-Jersey advertiser</subfield><subfield code="w">(DLC)sn 84026652</subfield><subfield code="w">(OCoLC)10541971</subfield></datafield><datafield ind1=" " ind2=" " tag="938"><subfield code="a">Kirtas Technologies, Inc.</subfield><subfield code="b">KRTS</subfield><subfield code="n">738305</subfield></datafield></record>